Bib Seminar

Main Sources

@misc{apvi,
  title = {APVI | Australian Photovoltaic Institute},
  howpublished = {\url{apvi.org.au/}},
  note = {Accessed: 2020-05-11}
}


@misc{pvmap,
  title = {Solar PV Maps and Tools},
  publisher = {APVI | Australian Photovoltaic Institute},
  howpublished = {\url{https://pv-map.apvi.org.au/}},
  note = {Accessed: 2020-05-11}
}


@misc{pvoutput,
  title = {PVOutput},
  howpublished = {\url{https://www.pvoutput.org/}},
  note = {Accessed: 2020-05-11}
}
